@Misc{www-Couchdb,
  Title =	 {{Technical Overview â€” Apache CouchDB 2.0 Documentation}},
  Author       = {{Apache Software Foundation}},
  HowPublished = {Web Page},
  Month        = mar,
  Note =	 {accessed: 2017-03-11},
  Year =	 2017,
  Owner =	 {hid-sp18-703},
  Url =		 {http://docs.couchdb.org/en/2.0.0/intro/overview.html}
}

@Misc{www-WineReview,
  Title =	 {{Wine Reviews | Kaggle}},
  Author       = {{Kaggle Inc}},
  HowPublished = {Web Page},
  Month        = feb,
  Note =	 {accessed: 2018-02-28},
  Year =	 2018,
  Owner =	 {hid-sp18-703},
  Url =		 {https://www.kaggle.com/zynicide/wine-reviews}
}